@BOOK{test1,
	AUTHOR="Shao Hua",
	TITLE="ASRLab Thesis Template",
	PUBLISHER="Shao Hua",
	YEAR="2019",
}

@BOOK{test2,
	AUTHOR="John Doe",
	TITLE="The Book without Title",
	PUBLISHER="Dummy Publisher",
	YEAR="2100",
}

@BOOK{test3,
	title = {Handbook on semiconductors},
	publisher = {North-Holland, New York},
	year = {1980},
	editor = {T. S. Moss},
	author = {B. E. Aspnes},
	owner = {Richard},
	timestamp = {2012.08.16}
}

@ARTICLE{test4,
	author = {D.E. Aspnes},
	title = {Third-derivative modulation spectroscopy with low-field electroreflectance},
	journal = {Surface Science},
	year = {1973},
	volume = {37},
	pages = {418 - 442},
	number = {0},
	markedentry = {[Richard:1]},
	doi = {10.1016/0039-6028(73)90337-3},
	file = {:D\:\\Dropbox\\Lab\\Papers\\Aspnes.D.1973.pdf:PDF},
	issn = {0039-6028},
	url = {http://www.sciencedirect.com/science/article/pii/0039602873903373}
}
 

